@article{2021ApJS..253...31L,
  author        = {{LSST Dark Energy Science Collaboration (LSST DESC)} and {Abolfathi}, Bela and {Alonso}, David and {Armstrong}, Robert and {Aubourg}, {\'E}ric and {Awan}, Humna and {Babuji}, Yadu N. and {Bauer}, Franz Erik and {Bean}, Rachel and {Beckett}, George and {Biswas}, Rahul and {Bogart}, Joanne R. and {Boutigny}, Dominique and {Chard}, Kyle and {Chiang}, James and {Claver}, Chuck F. and {Cohen-Tanugi}, Johann and {Combet}, C{\'e}line and {Connolly}, Andrew J. and {Daniel}, Scott F. and {Digel}, Seth W. and {Drlica-Wagner}, Alex and {Dubois}, Richard and {Gangler}, Emmanuel and {Gawiser}, Eric and {Glanzman}, Thomas and {Gris}, Phillipe and {Habib}, Salman and {Hearin}, Andrew P. and {Heitmann}, Katrin and {Hernandez}, Fabio and {Hlo{\v{z}}ek}, Ren{\'e}e and {Hollowed}, Joseph and {Ishak}, Mustapha and {Ivezi{\'c}}, {\v{Z}}eljko and {Jarvis}, Mike and {Jha}, Saurabh W. and {Kahn}, Steven M. and {Kalmbach}, J. Bryce and {Kelly}, Heather M. and {Kovacs}, Eve and {Korytov}, Danila and {Krughoff}, K. Simon and {Lage}, Craig S. and {Lanusse}, Fran{\c{c}}ois and {Larsen}, Patricia and {Le Guillou}, Laurent and {Li}, Nan and {Longley}, Emily Phillips and {Lupton}, Robert H. and {Mandelbaum}, Rachel and {Mao}, Yao-Yuan and {Marshall}, Phil and {Meyers}, Joshua E. and {Moniez}, Marc and {Morrison}, Christopher B. and {Nomerotski}, Andrei and {O'Connor}, Paul and {Park}, HyeYun and {Park}, Ji Won and {Peloton}, Julien and {Perrefort}, Daniel and {Perry}, James and {Plaszczynski}, St{\'e}phane and {Pope}, Adrian and {Rasmussen}, Andrew and {Reil}, Kevin and {Roodman}, Aaron J. and {Rykoff}, Eli S. and {S{\'a}nchez}, F. Javier and {Schmidt}, Samuel J. and {Scolnic}, Daniel and {Stubbs}, Christopher W. and {Tyson}, J. Anthony and {Uram}, Thomas D. and {Villarreal}, Antonia Sierra and {Walter}, Christopher W. and {Wiesner}, Matthew P. and {Wood-Vasey}, W. Michael and {Zuntz}, Joe},
  title         = {{The LSST DESC DC2 Simulated Sky Survey}},
  journal       = {\apjs},
  keywords      = {Cosmology, N-body simulations, Sky surveys, 343, 1083, 1464, Astrophysics - Instrumentation and Methods for Astrophysics, Astrophysics - Cosmology and Nongalactic Astrophysics},
  year          = 2021,
  month         = mar,
  volume        = {253},
  number        = {1},
  eid           = {31},
  pages         = {31},
  doi           = {10.3847/1538-4365/abd62c},
  archiveprefix = {arXiv},
  eprint        = {2010.05926},
  primaryclass  = {astro-ph.IM},
  adsurl        = {https://ui.adsabs.harvard.edu/abs/2021ApJS..253...31L},
  adsnote       = {Provided by the SAO/NASA Astrophysics Data System}
}

@ARTICLE{2021arXiv211115030O,
       author = {{O'Mullane}, William and {Economou}, Frossie and {Huang}, Flora and {Speck}, Dan and {Chiang}, Hsin-Fang and {Graham}, Melissa L. and {Allbery}, Russ and {Banek}, Christine and {Sick}, Jonathan and {Thornton}, Adam J. and {Masciarelli}, Jess and {Lim}, Kian-Tat and {Mueller}, Fritz and {Padolski}, Sergey and {Jenness}, Tim and {Krughoff}, K. Simon and {Gower}, Michelle and {Guy}, Leanne P. and {Dubois-Felsmann}, Gregory P.},
        title = "{Rubin Science Platform on Google: the story so far}",
      journal = {arXiv e-prints},
     keywords = {Astrophysics - Instrumentation and Methods for Astrophysics},
         year = 2021,
        month = nov,
          eid = {arXiv:2111.15030},
        pages = {arXiv:2111.15030},
archivePrefix = {arXiv},
       eprint = {2111.15030},
 primaryClass = {astro-ph.IM},
       adsurl = {https://ui.adsabs.harvard.edu/abs/2021arXiv211115030O},
      adsnote = {Provided by the SAO/NASA Astrophysics Data System}
}
@inproceedings{10.1117/12.2561112,
author = {Patrick Ingraham and Andy W. Clements and Tiago Ribeiro and Michael A. Reuter and Merlin Fisher-Levine and Joshua Hoblitt and Robert H. Lupton and Sandrine Thomas and Christopher W. Stubbs and Kirk T. Arndt and Nick Callahan and Charles F. Claver and Franco Colleoni and Luis Corral and Peter Doherty and Frossie Economou and Angel Fausti Neto and Tim Jenness and Htut Khine and K. Simon Krughoff and Nicholas Mondrik and Felipe Menanteau and David J. Mills and William O'Mullane and Kevin A Reil and Mario Rivera and Brian Stalder and Jacques Sebag and Ian Shipsey and Roberto Tighe and Adam J. Thornton and Andres Villalobos and Oliver Wiecha},
title = {{Vera C. Rubin Observatory auxiliary telescope commissioning as a control system pathfinder}},
volume = {11452},
booktitle = {Software and Cyberinfrastructure for Astronomy VI},
editor = {Juan C. Guzman and Jorge Ibsen},
organization = {International Society for Optics and Photonics},
publisher = {SPIE},
pages = {124 -- 139},
keywords = {Telescope Control Software, Control Software Deployment, Control Software Testing, Telescope Software Architecture, commissioning, pathfinder, Vera C. Rubin Observatory, integration},
year = {2020},
doi = {10.1117/12.2561112},
URL = {https://doi.org/10.1117/12.2561112}
}